@software{Hoehn_Improving_Emotion_Detection_2023,
author = {Hoehn, Richard and Ranganathan, Jaishree},
license = {MIT},
month = aug,
title = {{Improving Emotion Detection through Translation of Text to ML Models Trained in Different Languages}},
url = {https://github.com/richardhoehn/mtsu.coms.qualifying-exam},
note ={\url{https://github.com/richardhoehn/mtsu.coms.qualifying-exam}},
version = {1.0.1},
year = {2023}
}
@InProceedings{deep-learing-with-millions-of-classes,
author="Yuan, Zhuoning
and Guo, Zhishuai
and Yu, Xiaotian
and Wang, Xiaoyu
and Yang, Tianbao",
editor="Vedaldi, Andrea
and Bischof, Horst
and Brox, Thomas
and Frahm, Jan-Michael",
title="Accelerating Deep Learning with Millions of Classes",
booktitle="Computer Vision -- ECCV 2020",
year="2020",
publisher="Springer International Publishing",
address="Cham",
pages="711--726",
isbn="978-3-030-58592-1"
}
@online{predicting-sales-lstm,
author={Barış Karaman},
title = {Predicting Sales, Forecasting the monthly sales with LSTM},
url = {https://towardsdatascience.com/predicting-sales-611cb5a252de},
}
@online{pharma-sales-forecast-lstm,
author={Abeselomgebrekidan},
title = {Pharmaceutical Sales prediction Using LSTM Recurrent Neural Network},
url = {https://medium.com/@abeselomgebrekidan12/pharmaceutical-sales-prediction-using-lstm-recurrent-neural-network-db0f980572cc},
}
@online{rnn-lstm-gru,
author={Hemanth Pedamallu},
title = {RNN vs GRU vs LSTM},
url = {https://medium.com/analytics-vidhya/rnn-vs-gru-vs-lstm-863b0b7b1573},
}
@INPROCEEDINGS{lstm-gru-performance,
  author={Yang, Shudong and Yu, Xueying and Zhou, Ying},
  booktitle={2020 International Workshop on Electronic Communication and Artificial Intelligence (IWECAI)}, 
  title={LSTM and GRU Neural Network Performance Comparison Study: Taking Yelp Review Dataset as an Example}, 
  year={2020},
  volume={},
  number={},
  pages={98-101},
  doi={10.1109/IWECAI50956.2020.00027}
}
@misc{demand-forecasting-kernels-only,
    author = {Kaggle},
    title = {Store Item Demand Forecasting Challenge},
    publisher = {Kaggle},
    year = {2018},
    url = {https://kaggle.com/competitions/demand-forecasting-kernels-only}
}
@Article{demand-forecasting-models,
  author={Arnab Mitra and Arnav Jain and Avinash Kishore and Pravin Kumar},
  title={{A Comparative Study of Demand Forecasting Models for a Multi-Channel Retail Company: A Novel Hybrid Machine Learning Approach}},
  journal={SN Operations Research Forum},
  year=2022,
  volume={3},
  number={4},
  pages={1-22},
  month={December},
  keywords={Machine learning; Demand forecasting; Statistical methods; Random forest; XGBoost; AdaBoost; Gradien},
  doi={10.1007/s43069-022-00166-},
  url={https://ideas.repec.org/a/spr/snopef/v3y2022i4d10.1007_s43069-022-00166-4.html}
}
@inproceedings{improved-sales-forecasting,
   title={Improved Sales Forecasting using Trend and Seasonality Decomposition with LightGBM},
   url={http://dx.doi.org/10.1109/ICAIBD57115.2023.10206380},
   DOI={10.1109/icaibd57115.2023.10206380},
   booktitle={2023 6th International Conference on Artificial Intelligence and Big Data (ICAIBD)},
   publisher={IEEE},
   author={Zhou, Tong},
   year={2023},
   month=may }